@manual{anleitung,
  author = {TU Dortmund},
  title = {Alte Versuchsanleitung zu Versuch Nr. 14},
  year = {2016},
  url = {},
  urldate = {2018-09-13},
}

@manual{V18,
  author = {TU Dortmund},
  title = {Alte Versuchsanleitung zu Versuch Nr. 18 Der Reinst-Germanium-Detektor als Instrument der Gamma-Spektroskopie (Stand: 2016)},
  %year = {2016},
  %url = {},
  %urldate = {2018-09-13},
}

% @book{demtroeder,
%     author = {Wolfgang Demtröder},
%     title = {Experimentalphysik 1},
%     subtitle = {Mechanik und Wärme},
%     publisher = {Springer},
%     year = {2015},
%     edition = {7},
% }

% @reference{codata,
%     editor = {CODATA},
%     title = {Constants, Units and Uncertainty},
%     subtitle = {Loschmidt constant},
%     year = {2014},
%     url = {https://physics.nist.gov/cgi-bin/cuu/Value?n0},
%     urldate = {2019-05-15},
% }

@reference{spektrum,
    editor = {},
    title = {Gamma-Spektren},
    subtitle = {Cäsium-Spektrum},
    year = {2019},
    url = {http://www.grossberger.net/atomphysik/gamma1.html},
    urldate = {2019-06-15},
}