@manual{anleitung,
  author = {TU Dortmund},
  title = {Alte Versuchsanleitung zu Versuch Nr. 21 Optisches Pumpen},
  year = {2016},
  url = {},
  urldate = {2018-08-15},
}

% @book{demtroeder,
%     author = {Wolfgang Demtröder},
%     title = {Experimentalphysik 1},
%     subtitle = {Mechanik und Wärme},
%     publisher = {Springer},
%     year = {2015},
%     edition = {7},
% }

 @reference{nudat2,
     editor = {NuDat 2},
     title = {National Nuclear Data Center},
     %subtitle = {Loschmidt constant},
     year = {2019},
     url = {https://www.nndc.bnl.gov/nudat2/},
     urldate = {2019-05-16},
 }

 @reference{noaa,
     editor = {NOAA},
     title = {Compute Earth's Magnetic Field Values},
     %subtitle = {Loschmidt constant},
     year = {2019},
     url = {https://www.ngdc.noaa.gov/geomag/magfield.shtml},
     urldate = {2019-05-16},
 }

 @reference{wang,
     editor = {Wang},
     title = {Optical Pumping of Rubidium Vapor},
     %subtitle = {Loschmidt constant},
     year = {2019},
     url = {https://web.mit.edu/wangfire/pub8.14/oppaper.pdf},
     urldate = {2019-05-16},
 }

