@manual{anleitung,
  author = {TU Dortmund},
  title = {Versuchsanleitung zu Versuch Nr. 301 Leerlaufspannung und Innenwiderstand von Spannungsquellen},
  year = {2016},
  url = {},
  urldate = {},
}

@manual{V18,
  author = {TU Dortmund},
  title = {Alte Versuchsanleitung zu Versuch Nr. 18 Der Reinst-Germanium-Detektor als Instrument der Gamma-Spektroskopie},
  %year = {2016},
  %url = {},
  %urldate = {},
}
% @book{demtroeder,
%     author = {Wolfgang Demtröder},
%     title = {Experimentalphysik 1},
%     subtitle = {Mechanik und Wärme},
%     publisher = {Springer},
%     year = {2015},
%     edition = {7},
% }

% @reference{Codata,
%     editor = {CODATA},
%     title = {Constants, Units and Uncertainty},
%     subtitle = {Loschmidt constant},
%     year = {2014},
%     url = {https://physics.nist.gov/cgi-bin/cuu/Value?n0},
%     urldate = {2018-05-01},
% }
