@manual{anleitung,
  author = {TU Dortmund},
  title = {Alte Versuchsanleitung zu Versuch Nr. 48 Dipolrelaxation},
  year = {2016},
  url = {},
  urldate = {2017-10-18},
}

% @book{demtroeder,
%     author = {Wolfgang Demtröder},
%     title = {Experimentalphysik 1},
%     subtitle = {Mechanik und Wärme},
%     publisher = {Springer},
%     year = {2015},
%     edition = {7},
% }

@reference{codata,
    editor = {CODATA},
    title = {Constants, Units and Uncertainty},
    subtitle = {boltzmann constant},
    year = {2014},
    url = {https://physics.nist.gov/cgi-bin/cuu/Value?n0},
    urldate = {2019-06-04},
}

@reference{quelle,
    editor = {R. Muccillo, J. Rolfe},
    title = {Effect of Irradiation on Impurity–Vacancy Dipoles in KBr Crystals Doped with Strontium},
    subtitle = {Loschmidt constant},
    year = {1974},
    url = {https://onlinelibrary.wiley.com/doi/epdf/10.1002/pssb.2220610223},
    urldate = {2019-06-04},
}
