@manual{anleitung_alt,
  author = {TU Dortmund},
  title = {Alte Versuchsanleitung zu Versuch Nr. 27},
  year = {2016},
  url = {},
  urldate = {2018-07-22},
}

% @book{demtroeder,
%     author = {Wolfgang Demtröder},
%     title = {Experimentalphysik 1},
%     subtitle = {Mechanik und Wärme},
%     publisher = {Springer},
%     year = {2015},
%     edition = {7},
% }

 @reference{zeeman,
     editor = {Joachimi},
     title = {Zeeman- und Paschen-Back-Effekt},
    % subtitle = {Loschmidt constant},
     year = {2005},
     url = {https://astro.uni-bonn.de/~joachimi/fp/Zeeman-Paschen-Back-Effekt.pdf},
     urldate = {2019-05-23},
 }
